@article{Marcus1978,
author = {Marcus, Stephen M.},
journal = {Perception and Psychophysics},
number = {1},
pages = {58--60},
title = {{Distinguishing "Slit" and "Split"-An Invariant Timing Cue in Speech Perception}},
volume = {23},
year = {1978}
}
@article{Mampe2009,
author = {Mampe, Birgit and Friederici, Angela D. and Christophe, Anne and Wermke, Kathleen},
journal = {Current Biology},
number = {23},
pages = {1994--1997},
title = {{Newborns' Cry Melody Is Shaped by Their Native Language}},
volume = {19},
year = {2009}
}
@article{Wermke2016,
author = {Wermke, Kathleen and Pachtner, Sandra and Lamm, Bettina and Voit, Verena and Hain, Johannes  and K\"{a}rtner, Joscha and Keller, Heidi},
journal = {Speech, Language and Hearing},
volume = {16},
number = {3},
year = {2016},
}
@article{seyfarth1980monkey,
    title={Monkey responses to three different alarm calls: evidence of predator classification and semantic communication},
    author={Seyfarth, Robert M and Cheney, Dorothy L and Marler, Peter},
    journal={Science},
    volume={210},
    number={4471},
    pages={801--803},
    year={1980},
    publisher={American Association for the Advancement of Science}
}

@article{zuberbuhler2002syntactic,
    title={A syntactic rule in forest monkey communication},
    author={Zuberb{\"u}hler, Klaus},
    journal={Animal behaviour},
    volume={63},
    number={2},
    pages={293--299},
    year={2002},
    publisher={Elsevier}
}
@article{Savage2015,
author = {Savage, Patrick E. and Brown, Steven and Sakai, Emi and Currie, Thomas E.},
doi = {10.1073/pnas.1414495112},
file = {:home/bastiaan/Documents/Dropbox/Dropbox (MCG@ILLC)/PhD Literature/PNAS-2015-Savage-1414495112.pdf:pdf},
journal = {Proceedings of the National Academy of Sciences},
number = {29},
title = {{Statistical universals reveal the structures and functions of human music}},
volume = {112},
year = {2015}
}
@article{Brown2013,
  title={Universals in the worldâ€™s musics},
  author={Brown, Steven and Jordania, Joseph},
  journal={Psychology of Music},
  volume={41},
  number={2},
  pages={229--248},
  year={2013},
  publisher={SAGE Publications}
}
@article{Pagel1994,
author = {Pagel, M.},
doi = {10.1098/rspb.1994.0006},
file = {:home/bastiaan/Documents/Dropbox/Dropbox (MCG@ILLC)/PhD Literature/pagel1994.pdf:pdf},
isbn = {0962-8452},
issn = {0962-8452},
journal = {Proceedings of the Royal Society of London B: Biological Sciences},
number = {1342},
pages = {37--45},
pmid = {1695},
title = {{Detecting correlated evolution on phylogenies: a general method for the comparative analysis of discrete characters}},
url = {http://rspb.royalsocietypublishing.org/cgi/doi/10.1098/rspb.1994.0006},
volume = {255},
year = {1994}
}
