@inproceedings{alhama2015should,
  title={How should we evaluate models of segmentation in artificial language learning?},
  author={Alhama, Raquel G and Scha, Remko and Zuidema, Willem},
  booktitle={Proceedings of 13th international conference on cognitive modeling},
  year={2015}
}

@inproceedings{alhama2017segmentation,
  title={Segmentation as Retention and Recognition: the R\&R model},
  author={Alhama, Raquel G and Zuidema, Willem},
  booktitle={the 39th Annual Conference of the Cognitive Science Society (CogSci 2017)},
  pages={1531--1536},
  year={2017},
  organization={Cognitive Science Society}
}

 
@article{frank2010modeling,
  title={Modeling human performance in statistical word segmentation},
  author={Frank, Michael C and Goldwater, Sharon and Griffiths, Thomas L and Tenenbaum, Joshua B},
  journal={Cognition},
  volume={117},
  number={2},
  pages={107--125},
  year={2010},
  publisher={Elsevier}
}