@article{seyfarth1980monkey,
    title={Monkey responses to three different alarm calls: evidence of predator classification and semantic communication},
    author={Seyfarth, Robert M and Cheney, Dorothy L and Marler, Peter},
    journal={Science},
    volume={210},
    number={4471},
    pages={801--803},
    year={1980},
    publisher={American Association for the Advancement of Science}
}

@article{zuberbuhler2002syntactic,
    title={A syntactic rule in forest monkey communication},
    author={Zuberb{\"u}hler, Klaus},
    journal={Animal behaviour},
    volume={63},
    number={2},
    pages={293--299},
    year={2002},
    publisher={Elsevier}
}
