@article{Marcus1978,
author = {Marcus, Stephen M.},
journal = {Perception and Psychophysics},
number = {1},
pages = {58--60},
title = {{Distinguishing "Slit" and "Split"-An Invariant Timing Cue in Speech Perception}},
volume = {23},
year = {1978}
}
@article{Mampe2009,
author = {Mampe, Birgit and Friederici, Angela D. and Christophe, Anne and Wermke, Kathleen},
journal = {Current Biology},
number = {23},
pages = {1994--1997},
title = {{Newborns' Cry Melody Is Shaped by Their Native Language}},
volume = {19},
year = {2009}
}
@article{Wermke2016,
author = {Wermke, Kathleen and Pachtner, Sandra and Lamm, Bettina and Voit, Verena and Hain, Johannes  and K\"{a}rtner, Joscha and Keller, Heidi},
journal = {Speech, Language and Hearing},
volume = {16},
number = {3},
year = {2016},
}