@article{Savage2015,
author = {Savage, Patrick E. and Brown, Steven and Sakai, Emi and Currie, Thomas E.},
doi = {10.1073/pnas.1414495112},
file = {:home/bastiaan/Documents/Dropbox/Dropbox (MCG@ILLC)/PhD Literature/PNAS-2015-Savage-1414495112.pdf:pdf},
journal = {Proceedings of the National Academy of Sciences},
number = {29},
title = {{Statistical universals reveal the structures and functions of human music}},
volume = {112},
year = {2015}
}
@article{Brown2013,
  title={Universals in the worldâ€™s musics},
  author={Brown, Steven and Jordania, Joseph},
  journal={Psychology of Music},
  volume={41},
  number={2},
  pages={229--248},
  year={2013},
  publisher={SAGE Publications}
}
@article{Pagel1994,
author = {Pagel, M.},
doi = {10.1098/rspb.1994.0006},
file = {:home/bastiaan/Documents/Dropbox/Dropbox (MCG@ILLC)/PhD Literature/pagel1994.pdf:pdf},
isbn = {0962-8452},
issn = {0962-8452},
journal = {Proceedings of the Royal Society of London B: Biological Sciences},
number = {1342},
pages = {37--45},
pmid = {1695},
title = {{Detecting correlated evolution on phylogenies: a general method for the comparative analysis of discrete characters}},
url = {http://rspb.royalsocietypublishing.org/cgi/doi/10.1098/rspb.1994.0006},
volume = {255},
year = {1994}
}
