@article{Saffran1996a,
  title={Statistical learning by 8-month-old infants},
  author={Saffran, Jenny R and Aslin, Richard N and Newport, Elissa L},
  journal={Science},
  volume={274},
  number={5294},
  pages={1926--1928},
  year={1996},
  publisher={American Association for the Advancement of Science},
  doi={10.1126/science.274.5294.1926}
}
